%YAML 1.1
%TAG !u! tag:unity3d.com,2011:
--- !u!1 &5485159391885688810
GameObject:
  m_ObjectHideFlags: 0
  m_CorrespondingSourceObject: {fileID: 0}
  m_PrefabInstance: {fileID: 0}
  m_PrefabAsset: {fileID: 0}
  serializedVersion: 6
  m_Component:
  - component: {fileID: 5433643786955107478}
  - component: {fileID: 8702689871459077001}
  - component: {fileID: 4622546088866710179}
  m_Layer: 5
  m_Name: img_cables
  m_TagString: Untagged
  m_Icon: {fileID: 0}
  m_NavMeshLayer: 0
  m_StaticEditorFlags: 0
  m_IsActive: 1
--- !u!224 &5433643786955107478
RectTransform:
  m_ObjectHideFlags: 0
  m_CorrespondingSourceObject: {fileID: 0}
  m_PrefabInstance: {fileID: 0}
  m_PrefabAsset: {fileID: 0}
  m_GameObject: {fileID: 5485159391885688810}
  m_LocalRotation: {x: -0, y: -0, z: -0, w: 1}
  m_LocalPosition: {x: 0, y: 0, z: -0.1484375}
  m_LocalScale: {x: 1, y: 1, z: 1}
  m_Children: []
  m_Father: {fileID: 6662128541861107919}
  m_RootOrder: 4
  m_LocalEulerAnglesHint: {x: 0, y: 0, z: 0}
  m_AnchorMin: {x: 0.5, y: 0.5}
  m_AnchorMax: {x: 0.5, y: 0.5}
  m_AnchoredPosition: {x: 16.658325, y: -3.1829834}
  m_SizeDelta: {x: 1920, y: 1080}
  m_Pivot: {x: 0.5, y: 0.5}
--- !u!222 &8702689871459077001
CanvasRenderer:
  m_ObjectHideFlags: 0
  m_CorrespondingSourceObject: {fileID: 0}
  m_PrefabInstance: {fileID: 0}
  m_PrefabAsset: {fileID: 0}
  m_GameObject: {fileID: 5485159391885688810}
  m_CullTransparentMesh: 0
--- !u!114 &4622546088866710179
MonoBehaviour:
  m_ObjectHideFlags: 0
  m_CorrespondingSourceObject: {fileID: 0}
  m_PrefabInstance: {fileID: 0}
  m_PrefabAsset: {fileID: 0}
  m_GameObject: {fileID: 5485159391885688810}
  m_Enabled: 1
  m_EditorHideFlags: 0
  m_Script: {fileID: -765806418, guid: f70555f144d8491a825f0804e09c671c, type: 3}
  m_Name: 
  m_EditorClassIdentifier: 
  m_Material: {fileID: 0}
  m_Color: {r: 1, g: 1, b: 1, a: 1}
  m_RaycastTarget: 1
  m_OnCullStateChanged:
    m_PersistentCalls:
      m_Calls: []
    m_TypeName: UnityEngine.UI.MaskableGraphic+CullStateChangedEvent, UnityEngine.UI,
      Version=1.0.0.0, Culture=neutral, PublicKeyToken=null
  m_Sprite: {fileID: 21300000, guid: 9babd3afb792f1d41b7e659c5707802b, type: 3}
  m_Type: 0
  m_PreserveAspect: 0
  m_FillCenter: 1
  m_FillMethod: 4
  m_FillAmount: 1
  m_FillClockwise: 1
  m_FillOrigin: 0
  m_UseSpriteMesh: 0
--- !u!1 &6662128541861107912
GameObject:
  m_ObjectHideFlags: 0
  m_CorrespondingSourceObject: {fileID: 0}
  m_PrefabInstance: {fileID: 0}
  m_PrefabAsset: {fileID: 0}
  serializedVersion: 6
  m_Component:
  - component: {fileID: 6662128541861107919}
  - component: {fileID: 6662128541861107918}
  - component: {fileID: 663472128}
  m_Layer: 0
  m_Name: Container
  m_TagString: Untagged
  m_Icon: {fileID: 0}
  m_NavMeshLayer: 0
  m_StaticEditorFlags: 0
  m_IsActive: 1
--- !u!224 &6662128541861107919
RectTransform:
  m_ObjectHideFlags: 0
  m_CorrespondingSourceObject: {fileID: 0}
  m_PrefabInstance: {fileID: 0}
  m_PrefabAsset: {fileID: 0}
  m_GameObject: {fileID: 6662128541861107912}
  m_LocalRotation: {x: 0, y: 0, z: 0, w: 1}
  m_LocalPosition: {x: 0, y: 0, z: 0}
  m_LocalScale: {x: 1, y: 1, z: 1}
  m_Children:
  - {fileID: 9110843874681719193}
  - {fileID: 144411294449568772}
  - {fileID: 4202151400157700598}
  - {fileID: 3256584846984943781}
  - {fileID: 5433643786955107478}
  m_Father: {fileID: 6662128542668621670}
  m_RootOrder: 0
  m_LocalEulerAnglesHint: {x: 0, y: 0, z: 0}
  m_AnchorMin: {x: 0, y: 0}
  m_AnchorMax: {x: 1, y: 1}
  m_AnchoredPosition: {x: 0, y: 0}
  m_SizeDelta: {x: 0, y: 0}
  m_Pivot: {x: 0.5, y: 0.5}
--- !u!225 &6662128541861107918
CanvasGroup:
  m_ObjectHideFlags: 0
  m_CorrespondingSourceObject: {fileID: 0}
  m_PrefabInstance: {fileID: 0}
  m_PrefabAsset: {fileID: 0}
  m_GameObject: {fileID: 6662128541861107912}
  m_Enabled: 1
  m_Alpha: 1
  m_Interactable: 1
  m_BlocksRaycasts: 1
  m_IgnoreParentGroups: 0
--- !u!114 &663472128
MonoBehaviour:
  m_ObjectHideFlags: 0
  m_CorrespondingSourceObject: {fileID: 0}
  m_PrefabInstance: {fileID: 0}
  m_PrefabAsset: {fileID: 0}
  m_GameObject: {fileID: 6662128541861107912}
  m_Enabled: 1
  m_EditorHideFlags: 0
  m_Script: {fileID: 11500000, guid: 6267f769461b0724c82a3e9d82e45c1c, type: 3}
  m_Name: 
  m_EditorClassIdentifier: 
  maxPlayers: 4
  m_players: []
--- !u!1 &6662128542668621671
GameObject:
  m_ObjectHideFlags: 0
  m_CorrespondingSourceObject: {fileID: 0}
  m_PrefabInstance: {fileID: 0}
  m_PrefabAsset: {fileID: 0}
  serializedVersion: 6
  m_Component:
  - component: {fileID: 6662128542668621670}
  - component: {fileID: 6662128542668621668}
  m_Layer: 0
  m_Name: pref_ui_playersLobby
  m_TagString: Untagged
  m_Icon: {fileID: 0}
  m_NavMeshLayer: 0
  m_StaticEditorFlags: 0
  m_IsActive: 1
--- !u!224 &6662128542668621670
RectTransform:
  m_ObjectHideFlags: 0
  m_CorrespondingSourceObject: {fileID: 0}
  m_PrefabInstance: {fileID: 0}
  m_PrefabAsset: {fileID: 0}
  m_GameObject: {fileID: 6662128542668621671}
  m_LocalRotation: {x: 0, y: 0, z: 0, w: 1}
  m_LocalPosition: {x: 0, y: 0, z: 0}
  m_LocalScale: {x: 1, y: 1, z: 1}
  m_Children:
  - {fileID: 6662128541861107919}
  m_Father: {fileID: 0}
  m_RootOrder: 0
  m_LocalEulerAnglesHint: {x: 0, y: 0, z: 0}
  m_AnchorMin: {x: 0, y: 0}
  m_AnchorMax: {x: 0, y: 0}
  m_AnchoredPosition: {x: 960, y: 540}
  m_SizeDelta: {x: 1920, y: 1080}
  m_Pivot: {x: 0.5, y: 0.5}
--- !u!114 &6662128542668621668
MonoBehaviour:
  m_ObjectHideFlags: 0
  m_CorrespondingSourceObject: {fileID: 0}
  m_PrefabInstance: {fileID: 0}
  m_PrefabAsset: {fileID: 0}
  m_GameObject: {fileID: 6662128542668621671}
  m_Enabled: 1
  m_EditorHideFlags: 0
  m_Script: {fileID: 11500000, guid: 70d453a6d6321a94aa72ab7a61b78039, type: 3}
  m_Name: 
  m_EditorClassIdentifier: 
  openOnStart: 0
  closeOnStart: 0
  autoHide: 0
  autoHideTime: 0
  m_firstSelectedObject: {fileID: 0}
  setFirstSelectedAlsoIfAlreadyEnabled: 0
  m_openEvent: 0
  m_closeEvent: 0
  m_stopTimeScale: 0
  m_changeGameState: 0
  m_newGameState: 32
  m_container: {fileID: 0}
  m_panelAnimation: {fileID: 0}
  panelOpenedEvt:
    m_PersistentCalls:
      m_Calls: []
    m_TypeName: UnityEngine.Events.UnityEvent, UnityEngine.CoreModule, Version=0.0.0.0,
      Culture=neutral, PublicKeyToken=null
  panelClosedEvt:
    m_PersistentCalls:
      m_Calls: []
    m_TypeName: UnityEngine.Events.UnityEvent, UnityEngine.CoreModule, Version=0.0.0.0,
      Culture=neutral, PublicKeyToken=null
--- !u!1001 &1020972600931056513
PrefabInstance:
  m_ObjectHideFlags: 0
  serializedVersion: 2
  m_Modification:
    m_TransformParent: {fileID: 6662128541861107919}
    m_Modifications:
    - target: {fileID: 4513190803905065965, guid: 793b8f1de50fa4041acf71b17560e2bb,
        type: 3}
      propertyPath: m_Name
      value: pref_lobbyPlayer_2
      objectReference: {fileID: 0}
    - target: {fileID: 876570687766951813, guid: 793b8f1de50fa4041acf71b17560e2bb,
        type: 3}
      propertyPath: m_LocalPosition.x
      value: 0
      objectReference: {fileID: 0}
    - target: {fileID: 876570687766951813, guid: 793b8f1de50fa4041acf71b17560e2bb,
        type: 3}
      propertyPath: m_LocalPosition.y
      value: 0
      objectReference: {fileID: 0}
    - target: {fileID: 876570687766951813, guid: 793b8f1de50fa4041acf71b17560e2bb,
        type: 3}
      propertyPath: m_LocalPosition.z
      value: 0
      objectReference: {fileID: 0}
    - target: {fileID: 876570687766951813, guid: 793b8f1de50fa4041acf71b17560e2bb,
        type: 3}
      propertyPath: m_LocalRotation.x
      value: -0
      objectReference: {fileID: 0}
    - target: {fileID: 876570687766951813, guid: 793b8f1de50fa4041acf71b17560e2bb,
        type: 3}
      propertyPath: m_LocalRotation.y
      value: -0
      objectReference: {fileID: 0}
    - target: {fileID: 876570687766951813, guid: 793b8f1de50fa4041acf71b17560e2bb,
        type: 3}
      propertyPath: m_LocalRotation.z
      value: -0
      objectReference: {fileID: 0}
    - target: {fileID: 876570687766951813, guid: 793b8f1de50fa4041acf71b17560e2bb,
        type: 3}
      propertyPath: m_LocalRotation.w
      value: 1
      objectReference: {fileID: 0}
    - target: {fileID: 876570687766951813, guid: 793b8f1de50fa4041acf71b17560e2bb,
        type: 3}
      propertyPath: m_RootOrder
      value: 1
      objectReference: {fileID: 0}
    - target: {fileID: 876570687766951813, guid: 793b8f1de50fa4041acf71b17560e2bb,
        type: 3}
      propertyPath: m_LocalEulerAnglesHint.x
      value: 0
      objectReference: {fileID: 0}
    - target: {fileID: 876570687766951813, guid: 793b8f1de50fa4041acf71b17560e2bb,
        type: 3}
      propertyPath: m_LocalEulerAnglesHint.y
      value: 0
      objectReference: {fileID: 0}
    - target: {fileID: 876570687766951813, guid: 793b8f1de50fa4041acf71b17560e2bb,
        type: 3}
      propertyPath: m_LocalEulerAnglesHint.z
      value: 0
      objectReference: {fileID: 0}
    - target: {fileID: 876570687766951813, guid: 793b8f1de50fa4041acf71b17560e2bb,
        type: 3}
      propertyPath: m_AnchoredPosition.x
      value: 1361
      objectReference: {fileID: 0}
    - target: {fileID: 876570687766951813, guid: 793b8f1de50fa4041acf71b17560e2bb,
        type: 3}
      propertyPath: m_AnchoredPosition.y
      value: -400
      objectReference: {fileID: 0}
    - target: {fileID: 876570687766951813, guid: 793b8f1de50fa4041acf71b17560e2bb,
        type: 3}
      propertyPath: m_SizeDelta.x
      value: 220
      objectReference: {fileID: 0}
    - target: {fileID: 876570687766951813, guid: 793b8f1de50fa4041acf71b17560e2bb,
        type: 3}
      propertyPath: m_SizeDelta.y
      value: 290
      objectReference: {fileID: 0}
    - target: {fileID: 876570687766951813, guid: 793b8f1de50fa4041acf71b17560e2bb,
        type: 3}
      propertyPath: m_AnchorMin.x
      value: 0
      objectReference: {fileID: 0}
    - target: {fileID: 876570687766951813, guid: 793b8f1de50fa4041acf71b17560e2bb,
        type: 3}
      propertyPath: m_AnchorMin.y
      value: 1
      objectReference: {fileID: 0}
    - target: {fileID: 876570687766951813, guid: 793b8f1de50fa4041acf71b17560e2bb,
        type: 3}
      propertyPath: m_AnchorMax.x
      value: 0
      objectReference: {fileID: 0}
    - target: {fileID: 876570687766951813, guid: 793b8f1de50fa4041acf71b17560e2bb,
        type: 3}
      propertyPath: m_AnchorMax.y
      value: 1
      objectReference: {fileID: 0}
    - target: {fileID: 876570687766951813, guid: 793b8f1de50fa4041acf71b17560e2bb,
        type: 3}
      propertyPath: m_Pivot.x
      value: 0
      objectReference: {fileID: 0}
    - target: {fileID: 876570687766951813, guid: 793b8f1de50fa4041acf71b17560e2bb,
        type: 3}
      propertyPath: m_Pivot.y
      value: 0
      objectReference: {fileID: 0}
    - target: {fileID: 7896517597690262421, guid: 793b8f1de50fa4041acf71b17560e2bb,
        type: 3}
      propertyPath: m_playerIdAllowed
      value: 1
      objectReference: {fileID: 0}
    - target: {fileID: 5516273954140354656, guid: 793b8f1de50fa4041acf71b17560e2bb,
        type: 3}
      propertyPath: m_AnchoredPosition.x
      value: 3
      objectReference: {fileID: 0}
    - target: {fileID: 5516273954140354656, guid: 793b8f1de50fa4041acf71b17560e2bb,
        type: 3}
      propertyPath: m_SizeDelta.x
      value: 190
      objectReference: {fileID: 0}
    - target: {fileID: 5516273954140354656, guid: 793b8f1de50fa4041acf71b17560e2bb,
        type: 3}
      propertyPath: m_SizeDelta.y
      value: 190
      objectReference: {fileID: 0}
    - target: {fileID: 5516273954140354656, guid: 793b8f1de50fa4041acf71b17560e2bb,
        type: 3}
      propertyPath: m_LocalScale.x
      value: 1
      objectReference: {fileID: 0}
    - target: {fileID: 6790450920930390069, guid: 793b8f1de50fa4041acf71b17560e2bb,
        type: 3}
      propertyPath: m_IsActive
      value: 0
      objectReference: {fileID: 0}
    - target: {fileID: 7520744909544488373, guid: 793b8f1de50fa4041acf71b17560e2bb,
        type: 3}
      propertyPath: m_Sprite
      value: 
      objectReference: {fileID: 21300000, guid: 3c0949903adf5a446a098130319299f3,
        type: 3}
    - target: {fileID: 7520744909544488373, guid: 793b8f1de50fa4041acf71b17560e2bb,
        type: 3}
      propertyPath: m_UseSpriteMesh
      value: 0
      objectReference: {fileID: 0}
    - target: {fileID: 6540727115396039331, guid: 793b8f1de50fa4041acf71b17560e2bb,
        type: 3}
      propertyPath: m_Sprite
      value: 
      objectReference: {fileID: 21300000, guid: 025b6935b297fc14e9e8f739ad54cd8b,
        type: 3}
    m_RemovedComponents: []
  m_SourcePrefab: {fileID: 100100000, guid: 793b8f1de50fa4041acf71b17560e2bb, type: 3}
--- !u!224 &144411294449568772 stripped
RectTransform:
  m_CorrespondingSourceObject: {fileID: 876570687766951813, guid: 793b8f1de50fa4041acf71b17560e2bb,
    type: 3}
  m_PrefabInstance: {fileID: 1020972600931056513}
  m_PrefabAsset: {fileID: 0}
--- !u!1001 &2385644255233928992
PrefabInstance:
  m_ObjectHideFlags: 0
  serializedVersion: 2
  m_Modification:
    m_TransformParent: {fileID: 6662128541861107919}
    m_Modifications:
    - target: {fileID: 4513190803905065965, guid: 793b8f1de50fa4041acf71b17560e2bb,
        type: 3}
      propertyPath: m_Name
      value: pref_lobbyPlayer_4
      objectReference: {fileID: 0}
    - target: {fileID: 876570687766951813, guid: 793b8f1de50fa4041acf71b17560e2bb,
        type: 3}
      propertyPath: m_LocalPosition.x
      value: 0
      objectReference: {fileID: 0}
    - target: {fileID: 876570687766951813, guid: 793b8f1de50fa4041acf71b17560e2bb,
        type: 3}
      propertyPath: m_LocalPosition.y
      value: 0
      objectReference: {fileID: 0}
    - target: {fileID: 876570687766951813, guid: 793b8f1de50fa4041acf71b17560e2bb,
        type: 3}
      propertyPath: m_LocalPosition.z
      value: 0
      objectReference: {fileID: 0}
    - target: {fileID: 876570687766951813, guid: 793b8f1de50fa4041acf71b17560e2bb,
        type: 3}
      propertyPath: m_LocalRotation.x
      value: -0
      objectReference: {fileID: 0}
    - target: {fileID: 876570687766951813, guid: 793b8f1de50fa4041acf71b17560e2bb,
        type: 3}
      propertyPath: m_LocalRotation.y
      value: -0
      objectReference: {fileID: 0}
    - target: {fileID: 876570687766951813, guid: 793b8f1de50fa4041acf71b17560e2bb,
        type: 3}
      propertyPath: m_LocalRotation.z
      value: -0
      objectReference: {fileID: 0}
    - target: {fileID: 876570687766951813, guid: 793b8f1de50fa4041acf71b17560e2bb,
        type: 3}
      propertyPath: m_LocalRotation.w
      value: 1
      objectReference: {fileID: 0}
    - target: {fileID: 876570687766951813, guid: 793b8f1de50fa4041acf71b17560e2bb,
        type: 3}
      propertyPath: m_RootOrder
      value: 3
      objectReference: {fileID: 0}
    - target: {fileID: 876570687766951813, guid: 793b8f1de50fa4041acf71b17560e2bb,
        type: 3}
      propertyPath: m_LocalEulerAnglesHint.x
      value: 0
      objectReference: {fileID: 0}
    - target: {fileID: 876570687766951813, guid: 793b8f1de50fa4041acf71b17560e2bb,
        type: 3}
      propertyPath: m_LocalEulerAnglesHint.y
      value: 0
      objectReference: {fileID: 0}
    - target: {fileID: 876570687766951813, guid: 793b8f1de50fa4041acf71b17560e2bb,
        type: 3}
      propertyPath: m_LocalEulerAnglesHint.z
      value: 0
      objectReference: {fileID: 0}
    - target: {fileID: 876570687766951813, guid: 793b8f1de50fa4041acf71b17560e2bb,
        type: 3}
      propertyPath: m_AnchoredPosition.x
      value: 0
      objectReference: {fileID: 0}
    - target: {fileID: 876570687766951813, guid: 793b8f1de50fa4041acf71b17560e2bb,
        type: 3}
      propertyPath: m_AnchoredPosition.y
      value: -400
      objectReference: {fileID: 0}
    - target: {fileID: 876570687766951813, guid: 793b8f1de50fa4041acf71b17560e2bb,
        type: 3}
      propertyPath: m_SizeDelta.x
      value: 220
      objectReference: {fileID: 0}
    - target: {fileID: 876570687766951813, guid: 793b8f1de50fa4041acf71b17560e2bb,
        type: 3}
      propertyPath: m_SizeDelta.y
      value: 290
      objectReference: {fileID: 0}
    - target: {fileID: 876570687766951813, guid: 793b8f1de50fa4041acf71b17560e2bb,
        type: 3}
      propertyPath: m_AnchorMin.x
      value: 0
      objectReference: {fileID: 0}
    - target: {fileID: 876570687766951813, guid: 793b8f1de50fa4041acf71b17560e2bb,
        type: 3}
      propertyPath: m_AnchorMin.y
      value: 1
      objectReference: {fileID: 0}
    - target: {fileID: 876570687766951813, guid: 793b8f1de50fa4041acf71b17560e2bb,
        type: 3}
      propertyPath: m_AnchorMax.x
      value: 0
      objectReference: {fileID: 0}
    - target: {fileID: 876570687766951813, guid: 793b8f1de50fa4041acf71b17560e2bb,
        type: 3}
      propertyPath: m_AnchorMax.y
      value: 1
      objectReference: {fileID: 0}
    - target: {fileID: 876570687766951813, guid: 793b8f1de50fa4041acf71b17560e2bb,
        type: 3}
      propertyPath: m_Pivot.x
      value: 0
      objectReference: {fileID: 0}
    - target: {fileID: 876570687766951813, guid: 793b8f1de50fa4041acf71b17560e2bb,
        type: 3}
      propertyPath: m_Pivot.y
      value: 0
      objectReference: {fileID: 0}
    - target: {fileID: 7896517597690262421, guid: 793b8f1de50fa4041acf71b17560e2bb,
        type: 3}
      propertyPath: m_playerIdAllowed
      value: 3
      objectReference: {fileID: 0}
    - target: {fileID: 5516273954140354656, guid: 793b8f1de50fa4041acf71b17560e2bb,
        type: 3}
      propertyPath: m_AnchoredPosition.x
      value: 3
      objectReference: {fileID: 0}
    - target: {fileID: 5516273954140354656, guid: 793b8f1de50fa4041acf71b17560e2bb,
        type: 3}
      propertyPath: m_SizeDelta.x
      value: 190
      objectReference: {fileID: 0}
    - target: {fileID: 5516273954140354656, guid: 793b8f1de50fa4041acf71b17560e2bb,
        type: 3}
      propertyPath: m_SizeDelta.y
      value: 190
      objectReference: {fileID: 0}
    - target: {fileID: 5516273954140354656, guid: 793b8f1de50fa4041acf71b17560e2bb,
        type: 3}
      propertyPath: m_LocalScale.x
      value: 1
      objectReference: {fileID: 0}
    - target: {fileID: 6790450920930390069, guid: 793b8f1de50fa4041acf71b17560e2bb,
        type: 3}
      propertyPath: m_IsActive
      value: 0
      objectReference: {fileID: 0}
    - target: {fileID: 7520744909544488373, guid: 793b8f1de50fa4041acf71b17560e2bb,
        type: 3}
      propertyPath: m_Sprite
      value: 
      objectReference: {fileID: 21300000, guid: b0222bddc563b8c4282838c0defb8ade,
        type: 3}
    - target: {fileID: 6540727115396039331, guid: 793b8f1de50fa4041acf71b17560e2bb,
        type: 3}
      propertyPath: m_Sprite
      value: 
      objectReference: {fileID: 21300000, guid: 0e914754467840c409428bf76c324265,
        type: 3}
    m_RemovedComponents: []
  m_SourcePrefab: {fileID: 100100000, guid: 793b8f1de50fa4041acf71b17560e2bb, type: 3}
--- !u!224 &3256584846984943781 stripped
RectTransform:
  m_CorrespondingSourceObject: {fileID: 876570687766951813, guid: 793b8f1de50fa4041acf71b17560e2bb,
    type: 3}
  m_PrefabInstance: {fileID: 2385644255233928992}
  m_PrefabAsset: {fileID: 0}
--- !u!1001 &3925799714096748147
PrefabInstance:
  m_ObjectHideFlags: 0
  serializedVersion: 2
  m_Modification:
    m_TransformParent: {fileID: 6662128541861107919}
    m_Modifications:
    - target: {fileID: 4513190803905065965, guid: 793b8f1de50fa4041acf71b17560e2bb,
        type: 3}
      propertyPath: m_Name
      value: pref_lobbyPlayer_3
      objectReference: {fileID: 0}
    - target: {fileID: 876570687766951813, guid: 793b8f1de50fa4041acf71b17560e2bb,
        type: 3}
      propertyPath: m_LocalPosition.x
      value: 0
      objectReference: {fileID: 0}
    - target: {fileID: 876570687766951813, guid: 793b8f1de50fa4041acf71b17560e2bb,
        type: 3}
      propertyPath: m_LocalPosition.y
      value: 0
      objectReference: {fileID: 0}
    - target: {fileID: 876570687766951813, guid: 793b8f1de50fa4041acf71b17560e2bb,
        type: 3}
      propertyPath: m_LocalPosition.z
      value: 0
      objectReference: {fileID: 0}
    - target: {fileID: 876570687766951813, guid: 793b8f1de50fa4041acf71b17560e2bb,
        type: 3}
      propertyPath: m_LocalRotation.x
      value: -0
      objectReference: {fileID: 0}
    - target: {fileID: 876570687766951813, guid: 793b8f1de50fa4041acf71b17560e2bb,
        type: 3}
      propertyPath: m_LocalRotation.y
      value: -0
      objectReference: {fileID: 0}
    - target: {fileID: 876570687766951813, guid: 793b8f1de50fa4041acf71b17560e2bb,
        type: 3}
      propertyPath: m_LocalRotation.z
      value: -0
      objectReference: {fileID: 0}
    - target: {fileID: 876570687766951813, guid: 793b8f1de50fa4041acf71b17560e2bb,
        type: 3}
      propertyPath: m_LocalRotation.w
      value: 1
      objectReference: {fileID: 0}
    - target: {fileID: 876570687766951813, guid: 793b8f1de50fa4041acf71b17560e2bb,
        type: 3}
      propertyPath: m_RootOrder
      value: 2
      objectReference: {fileID: 0}
    - target: {fileID: 876570687766951813, guid: 793b8f1de50fa4041acf71b17560e2bb,
        type: 3}
      propertyPath: m_LocalEulerAnglesHint.x
      value: 0
      objectReference: {fileID: 0}
    - target: {fileID: 876570687766951813, guid: 793b8f1de50fa4041acf71b17560e2bb,
        type: 3}
      propertyPath: m_LocalEulerAnglesHint.y
      value: 0
      objectReference: {fileID: 0}
    - target: {fileID: 876570687766951813, guid: 793b8f1de50fa4041acf71b17560e2bb,
        type: 3}
      propertyPath: m_LocalEulerAnglesHint.z
      value: 0
      objectReference: {fileID: 0}
    - target: {fileID: 876570687766951813, guid: 793b8f1de50fa4041acf71b17560e2bb,
        type: 3}
      propertyPath: m_AnchoredPosition.x
      value: 0
      objectReference: {fileID: 0}
    - target: {fileID: 876570687766951813, guid: 793b8f1de50fa4041acf71b17560e2bb,
        type: 3}
      propertyPath: m_AnchoredPosition.y
      value: -400
      objectReference: {fileID: 0}
    - target: {fileID: 876570687766951813, guid: 793b8f1de50fa4041acf71b17560e2bb,
        type: 3}
      propertyPath: m_SizeDelta.x
      value: 220
      objectReference: {fileID: 0}
    - target: {fileID: 876570687766951813, guid: 793b8f1de50fa4041acf71b17560e2bb,
        type: 3}
      propertyPath: m_SizeDelta.y
      value: 290
      objectReference: {fileID: 0}
    - target: {fileID: 876570687766951813, guid: 793b8f1de50fa4041acf71b17560e2bb,
        type: 3}
      propertyPath: m_AnchorMin.x
      value: 0
      objectReference: {fileID: 0}
    - target: {fileID: 876570687766951813, guid: 793b8f1de50fa4041acf71b17560e2bb,
        type: 3}
      propertyPath: m_AnchorMin.y
      value: 1
      objectReference: {fileID: 0}
    - target: {fileID: 876570687766951813, guid: 793b8f1de50fa4041acf71b17560e2bb,
        type: 3}
      propertyPath: m_AnchorMax.x
      value: 0
      objectReference: {fileID: 0}
    - target: {fileID: 876570687766951813, guid: 793b8f1de50fa4041acf71b17560e2bb,
        type: 3}
      propertyPath: m_AnchorMax.y
      value: 1
      objectReference: {fileID: 0}
    - target: {fileID: 876570687766951813, guid: 793b8f1de50fa4041acf71b17560e2bb,
        type: 3}
      propertyPath: m_Pivot.x
      value: 0
      objectReference: {fileID: 0}
    - target: {fileID: 876570687766951813, guid: 793b8f1de50fa4041acf71b17560e2bb,
        type: 3}
      propertyPath: m_Pivot.y
      value: 0
      objectReference: {fileID: 0}
    - target: {fileID: 7896517597690262421, guid: 793b8f1de50fa4041acf71b17560e2bb,
        type: 3}
      propertyPath: m_playerIdAllowed
      value: 2
      objectReference: {fileID: 0}
    - target: {fileID: 5516273954140354656, guid: 793b8f1de50fa4041acf71b17560e2bb,
        type: 3}
      propertyPath: m_AnchoredPosition.x
      value: 3
      objectReference: {fileID: 0}
    - target: {fileID: 5516273954140354656, guid: 793b8f1de50fa4041acf71b17560e2bb,
        type: 3}
      propertyPath: m_SizeDelta.x
      value: 190
      objectReference: {fileID: 0}
    - target: {fileID: 5516273954140354656, guid: 793b8f1de50fa4041acf71b17560e2bb,
        type: 3}
      propertyPath: m_SizeDelta.y
      value: 190
      objectReference: {fileID: 0}
    - target: {fileID: 5516273954140354656, guid: 793b8f1de50fa4041acf71b17560e2bb,
        type: 3}
      propertyPath: m_LocalScale.x
      value: -1
      objectReference: {fileID: 0}
    - target: {fileID: 6790450920930390069, guid: 793b8f1de50fa4041acf71b17560e2bb,
        type: 3}
      propertyPath: m_IsActive
      value: 0
      objectReference: {fileID: 0}
    - target: {fileID: 7520744909544488373, guid: 793b8f1de50fa4041acf71b17560e2bb,
        type: 3}
      propertyPath: m_Sprite
      value: 
      objectReference: {fileID: 21300000, guid: 87ea1660fd50fc04789f13f4c07df0f5,
        type: 3}
    - target: {fileID: 6540727115396039331, guid: 793b8f1de50fa4041acf71b17560e2bb,
        type: 3}
      propertyPath: m_Sprite
      value: 
      objectReference: {fileID: 21300000, guid: efc6423457c612a4381bc4a587c7e9d2,
        type: 3}
    m_RemovedComponents: []
  m_SourcePrefab: {fileID: 100100000, guid: 793b8f1de50fa4041acf71b17560e2bb, type: 3}
--- !u!224 &4202151400157700598 stripped
RectTransform:
  m_CorrespondingSourceObject: {fileID: 876570687766951813, guid: 793b8f1de50fa4041acf71b17560e2bb,
    type: 3}
  m_PrefabInstance: {fileID: 3925799714096748147}
  m_PrefabAsset: {fileID: 0}
--- !u!1001 &8239912069897190940
PrefabInstance:
  m_ObjectHideFlags: 0
  serializedVersion: 2
  m_Modification:
    m_TransformParent: {fileID: 6662128541861107919}
    m_Modifications:
    - target: {fileID: 4513190803905065965, guid: 793b8f1de50fa4041acf71b17560e2bb,
        type: 3}
      propertyPath: m_Name
      value: pref_lobbyPlayer_1
      objectReference: {fileID: 0}
    - target: {fileID: 876570687766951813, guid: 793b8f1de50fa4041acf71b17560e2bb,
        type: 3}
      propertyPath: m_LocalPosition.x
      value: 0
      objectReference: {fileID: 0}
    - target: {fileID: 876570687766951813, guid: 793b8f1de50fa4041acf71b17560e2bb,
        type: 3}
      propertyPath: m_LocalPosition.y
      value: 0
      objectReference: {fileID: 0}
    - target: {fileID: 876570687766951813, guid: 793b8f1de50fa4041acf71b17560e2bb,
        type: 3}
      propertyPath: m_LocalPosition.z
      value: 0
      objectReference: {fileID: 0}
    - target: {fileID: 876570687766951813, guid: 793b8f1de50fa4041acf71b17560e2bb,
        type: 3}
      propertyPath: m_LocalRotation.x
      value: -0
      objectReference: {fileID: 0}
    - target: {fileID: 876570687766951813, guid: 793b8f1de50fa4041acf71b17560e2bb,
        type: 3}
      propertyPath: m_LocalRotation.y
      value: -0
      objectReference: {fileID: 0}
    - target: {fileID: 876570687766951813, guid: 793b8f1de50fa4041acf71b17560e2bb,
        type: 3}
      propertyPath: m_LocalRotation.z
      value: -0
      objectReference: {fileID: 0}
    - target: {fileID: 876570687766951813, guid: 793b8f1de50fa4041acf71b17560e2bb,
        type: 3}
      propertyPath: m_LocalRotation.w
      value: 1
      objectReference: {fileID: 0}
    - target: {fileID: 876570687766951813, guid: 793b8f1de50fa4041acf71b17560e2bb,
        type: 3}
      propertyPath: m_RootOrder
      value: 0
      objectReference: {fileID: 0}
    - target: {fileID: 876570687766951813, guid: 793b8f1de50fa4041acf71b17560e2bb,
        type: 3}
      propertyPath: m_LocalEulerAnglesHint.x
      value: 0
      objectReference: {fileID: 0}
    - target: {fileID: 876570687766951813, guid: 793b8f1de50fa4041acf71b17560e2bb,
        type: 3}
      propertyPath: m_LocalEulerAnglesHint.y
      value: 0
      objectReference: {fileID: 0}
    - target: {fileID: 876570687766951813, guid: 793b8f1de50fa4041acf71b17560e2bb,
        type: 3}
      propertyPath: m_LocalEulerAnglesHint.z
      value: 0
      objectReference: {fileID: 0}
    - target: {fileID: 876570687766951813, guid: 793b8f1de50fa4041acf71b17560e2bb,
        type: 3}
      propertyPath: m_AnchoredPosition.x
      value: 377
      objectReference: {fileID: 0}
    - target: {fileID: 876570687766951813, guid: 793b8f1de50fa4041acf71b17560e2bb,
        type: 3}
      propertyPath: m_AnchoredPosition.y
      value: -400
      objectReference: {fileID: 0}
    - target: {fileID: 876570687766951813, guid: 793b8f1de50fa4041acf71b17560e2bb,
        type: 3}
      propertyPath: m_SizeDelta.x
      value: 220
      objectReference: {fileID: 0}
    - target: {fileID: 876570687766951813, guid: 793b8f1de50fa4041acf71b17560e2bb,
        type: 3}
      propertyPath: m_SizeDelta.y
      value: 290
      objectReference: {fileID: 0}
    - target: {fileID: 876570687766951813, guid: 793b8f1de50fa4041acf71b17560e2bb,
        type: 3}
      propertyPath: m_AnchorMin.x
      value: 0
      objectReference: {fileID: 0}
    - target: {fileID: 876570687766951813, guid: 793b8f1de50fa4041acf71b17560e2bb,
        type: 3}
      propertyPath: m_AnchorMin.y
      value: 1
      objectReference: {fileID: 0}
    - target: {fileID: 876570687766951813, guid: 793b8f1de50fa4041acf71b17560e2bb,
        type: 3}
      propertyPath: m_AnchorMax.x
      value: 0
      objectReference: {fileID: 0}
    - target: {fileID: 876570687766951813, guid: 793b8f1de50fa4041acf71b17560e2bb,
        type: 3}
      propertyPath: m_AnchorMax.y
      value: 1
      objectReference: {fileID: 0}
    - target: {fileID: 876570687766951813, guid: 793b8f1de50fa4041acf71b17560e2bb,
        type: 3}
      propertyPath: m_Pivot.x
      value: 0
      objectReference: {fileID: 0}
    - target: {fileID: 876570687766951813, guid: 793b8f1de50fa4041acf71b17560e2bb,
        type: 3}
      propertyPath: m_Pivot.y
      value: 0
      objectReference: {fileID: 0}
    - target: {fileID: 5516273954140354656, guid: 793b8f1de50fa4041acf71b17560e2bb,
        type: 3}
      propertyPath: m_AnchoredPosition.x
      value: 3
      objectReference: {fileID: 0}
    - target: {fileID: 5516273954140354656, guid: 793b8f1de50fa4041acf71b17560e2bb,
        type: 3}
      propertyPath: m_SizeDelta.x
      value: 190
      objectReference: {fileID: 0}
    - target: {fileID: 5516273954140354656, guid: 793b8f1de50fa4041acf71b17560e2bb,
        type: 3}
      propertyPath: m_SizeDelta.y
      value: 190
      objectReference: {fileID: 0}
    - target: {fileID: 5516273954140354656, guid: 793b8f1de50fa4041acf71b17560e2bb,
        type: 3}
      propertyPath: m_LocalScale.x
      value: -1
      objectReference: {fileID: 0}
    - target: {fileID: 6790450920930390069, guid: 793b8f1de50fa4041acf71b17560e2bb,
        type: 3}
      propertyPath: m_IsActive
      value: 0
      objectReference: {fileID: 0}
    - target: {fileID: 7520744909544488373, guid: 793b8f1de50fa4041acf71b17560e2bb,
        type: 3}
      propertyPath: m_Sprite
      value: 
      objectReference: {fileID: 21300000, guid: 4b51b85f050b03f4ba85a812ee581886,
        type: 3}
    - target: {fileID: 6540727115396039331, guid: 793b8f1de50fa4041acf71b17560e2bb,
        type: 3}
      propertyPath: m_Sprite
      value: 
      objectReference: {fileID: 21300000, guid: 725aff88d17cf4b47924e282b0ee83b1,
        type: 3}
    m_RemovedComponents: []
  m_SourcePrefab: {fileID: 100100000, guid: 793b8f1de50fa4041acf71b17560e2bb, type: 3}
--- !u!224 &9110843874681719193 stripped
RectTransform:
  m_CorrespondingSourceObject: {fileID: 876570687766951813, guid: 793b8f1de50fa4041acf71b17560e2bb,
    type: 3}
  m_PrefabInstance: {fileID: 8239912069897190940}
  m_PrefabAsset: {fileID: 0}
